@misc{swine2,
      title={Satisfiability Modulo Exponential Integer Arithmetic},
      author={Florian Frohn and JÃ¼rgen Giesl},
      year={2025},
      eprint={2402.01501},
      archivePrefix={arXiv},
      primaryClass={cs.LO},
}

@inproceedings{swine,
  author       = {Florian Frohn and
                  J{\"{u}}rgen Giesl},
  title        = {Satisfiability Modulo Exponential Integer Arithmetic},
  booktitle    = {IJCAR~'24},
  series       = {Lecture Notes in Computer Science},
  volume       = {14739},
  pages        = {344--365},
  year         = {2024},
  doi          = {10.1007/978-3-031-63498-7_21},
}

@inproceedings{bitvec,
  author       = {Zvika Berger and
                  Yoni Zohar and
                  Aina Niemetz and
                  Mathias Preiner and
                  Andrew Reynolds and
                  Clark W. Barrett and
                  Cesare Tinelli},
  title        = {Bit-Precise Reasoning with Parametric Bit-Vectors},
  booktitle    = {SAT~'25},
  series       = {LIPIcs},
  volume       = {341},
  pages        = {4:1--4:24},
  year         = {2025},
  doi          = {10.4230/LIPICS.SAT.2025.4},
}

@article{caesar,
  author       = {Philipp Schr{\"{o}}er and
                  Kevin Batz and
                  Benjamin Lucien Kaminski and
                  Joost{-}Pieter Katoen and
                  Christoph Matheja},
  title        = {A Deductive Verification Infrastructure for Probabilistic Programs},
  journal      = {Proc. {ACM} Program. Lang.},
  volume       = {7},
  number       = {{OOPSLA2}},
  pages        = {2052--2082},
  year         = {2023},
  doi          = {10.1145/3622870},
}
